[gd_scene load_steps=3 format=3 uid="uid://cfweyf4kgbfon"]

[ext_resource type="Script" path="res://char/inv_panel.gd" id="1_x5w4n"]

[sub_resource type="StyleBoxFlat" id="StyleBoxFlat_tij18"]
bg_color = Color(0.6, 0.6, 0.6, 0)
border_width_left = 2
border_width_top = 2
border_width_right = 2
border_width_bottom = 2
corner_radius_top_left = 4
corner_radius_top_right = 4
corner_radius_bottom_right = 4
corner_radius_bottom_left = 4

[node name="InvPanel" type="Panel"]
anchors_preset = 2
anchor_top = 1.0
anchor_bottom = 1.0
offset_left = 64.0
offset_top = -136.0
offset_right = 656.0
offset_bottom = -72.0
grow_vertical = 0
size_flags_horizontal = 3
script = ExtResource("1_x5w4n")

[node name="HBoxContainer" type="HBoxContainer" parent="."]
layout_mode = 0
offset_right = 40.0
offset_bottom = 64.0
theme_override_constants/separation = 0

[node name="Item_0" type="Control" parent="HBoxContainer"]
custom_minimum_size = Vector2(64, 64)
layout_mode = 2

[node name="Icon" type="TextureRect" parent="HBoxContainer/Item_0"]
layout_mode = 0
offset_right = 64.0
offset_bottom = 64.0
expand_mode = 1

[node name="LCount2" type="Label" parent="HBoxContainer/Item_0"]
layout_mode = 0
offset_right = 61.0
offset_bottom = 64.0
theme_override_colors/font_color = Color(1, 1, 1, 1)
theme_override_colors/font_outline_color = Color(0, 0, 0, 1)
theme_override_constants/outline_size = 5
horizontal_alignment = 2
vertical_alignment = 2
clip_text = true

[node name="Divider_0" type="Panel" parent="HBoxContainer"]
custom_minimum_size = Vector2(2, 0)
layout_mode = 2

[node name="Item_1" type="Control" parent="HBoxContainer"]
custom_minimum_size = Vector2(64, 64)
layout_mode = 2

[node name="Icon" type="TextureRect" parent="HBoxContainer/Item_1"]
layout_mode = 0
offset_right = 64.0
offset_bottom = 64.0
expand_mode = 1

[node name="LCount2" type="Label" parent="HBoxContainer/Item_1"]
layout_mode = 0
offset_right = 61.0
offset_bottom = 64.0
theme_override_colors/font_color = Color(1, 1, 1, 1)
theme_override_colors/font_outline_color = Color(0, 0, 0, 1)
theme_override_constants/outline_size = 5
horizontal_alignment = 2
vertical_alignment = 2
clip_text = true

[node name="Divider_1" type="Panel" parent="HBoxContainer"]
custom_minimum_size = Vector2(2, 0)
layout_mode = 2

[node name="Item_2" type="Control" parent="HBoxContainer"]
custom_minimum_size = Vector2(64, 64)
layout_mode = 2

[node name="Icon" type="TextureRect" parent="HBoxContainer/Item_2"]
layout_mode = 0
offset_right = 64.0
offset_bottom = 64.0
expand_mode = 1

[node name="LCount2" type="Label" parent="HBoxContainer/Item_2"]
layout_mode = 0
offset_right = 61.0
offset_bottom = 64.0
theme_override_colors/font_color = Color(1, 1, 1, 1)
theme_override_colors/font_outline_color = Color(0, 0, 0, 1)
theme_override_constants/outline_size = 5
horizontal_alignment = 2
vertical_alignment = 2
clip_text = true

[node name="Divider_2" type="Panel" parent="HBoxContainer"]
custom_minimum_size = Vector2(2, 0)
layout_mode = 2

[node name="Item_3" type="Control" parent="HBoxContainer"]
custom_minimum_size = Vector2(64, 64)
layout_mode = 2

[node name="Icon" type="TextureRect" parent="HBoxContainer/Item_3"]
layout_mode = 0
offset_right = 64.0
offset_bottom = 64.0
expand_mode = 1

[node name="LCount2" type="Label" parent="HBoxContainer/Item_3"]
layout_mode = 0
offset_right = 61.0
offset_bottom = 64.0
theme_override_colors/font_color = Color(1, 1, 1, 1)
theme_override_colors/font_outline_color = Color(0, 0, 0, 1)
theme_override_constants/outline_size = 5
horizontal_alignment = 2
vertical_alignment = 2
clip_text = true

[node name="Divider_3" type="Panel" parent="HBoxContainer"]
custom_minimum_size = Vector2(2, 0)
layout_mode = 2

[node name="Item_4" type="Control" parent="HBoxContainer"]
custom_minimum_size = Vector2(64, 64)
layout_mode = 2

[node name="Icon" type="TextureRect" parent="HBoxContainer/Item_4"]
layout_mode = 0
offset_right = 64.0
offset_bottom = 64.0
expand_mode = 1

[node name="LCount2" type="Label" parent="HBoxContainer/Item_4"]
layout_mode = 0
offset_right = 61.0
offset_bottom = 64.0
theme_override_colors/font_color = Color(1, 1, 1, 1)
theme_override_colors/font_outline_color = Color(0, 0, 0, 1)
theme_override_constants/outline_size = 5
horizontal_alignment = 2
vertical_alignment = 2
clip_text = true

[node name="Divider_4" type="Panel" parent="HBoxContainer"]
custom_minimum_size = Vector2(2, 0)
layout_mode = 2

[node name="Item_5" type="Control" parent="HBoxContainer"]
custom_minimum_size = Vector2(64, 64)
layout_mode = 2

[node name="Icon" type="TextureRect" parent="HBoxContainer/Item_5"]
layout_mode = 0
offset_right = 64.0
offset_bottom = 64.0
expand_mode = 1

[node name="LCount2" type="Label" parent="HBoxContainer/Item_5"]
layout_mode = 0
offset_right = 61.0
offset_bottom = 64.0
theme_override_colors/font_color = Color(1, 1, 1, 1)
theme_override_colors/font_outline_color = Color(0, 0, 0, 1)
theme_override_constants/outline_size = 5
horizontal_alignment = 2
vertical_alignment = 2
clip_text = true

[node name="Divider_5" type="Panel" parent="HBoxContainer"]
custom_minimum_size = Vector2(2, 0)
layout_mode = 2

[node name="Item_6" type="Control" parent="HBoxContainer"]
custom_minimum_size = Vector2(64, 64)
layout_mode = 2

[node name="Icon" type="TextureRect" parent="HBoxContainer/Item_6"]
layout_mode = 0
offset_right = 64.0
offset_bottom = 64.0
expand_mode = 1

[node name="LCount2" type="Label" parent="HBoxContainer/Item_6"]
layout_mode = 0
offset_right = 61.0
offset_bottom = 64.0
theme_override_colors/font_color = Color(1, 1, 1, 1)
theme_override_colors/font_outline_color = Color(0, 0, 0, 1)
theme_override_constants/outline_size = 5
horizontal_alignment = 2
vertical_alignment = 2
clip_text = true

[node name="Divider_6" type="Panel" parent="HBoxContainer"]
custom_minimum_size = Vector2(2, 0)
layout_mode = 2

[node name="Item_7" type="Control" parent="HBoxContainer"]
custom_minimum_size = Vector2(64, 64)
layout_mode = 2

[node name="Icon" type="TextureRect" parent="HBoxContainer/Item_7"]
layout_mode = 0
offset_right = 64.0
offset_bottom = 64.0
expand_mode = 1

[node name="LCount2" type="Label" parent="HBoxContainer/Item_7"]
layout_mode = 0
offset_right = 61.0
offset_bottom = 64.0
theme_override_colors/font_color = Color(1, 1, 1, 1)
theme_override_colors/font_outline_color = Color(0, 0, 0, 1)
theme_override_constants/outline_size = 5
horizontal_alignment = 2
vertical_alignment = 2
clip_text = true

[node name="Divider_7" type="Panel" parent="HBoxContainer"]
custom_minimum_size = Vector2(2, 0)
layout_mode = 2

[node name="Item_8" type="Control" parent="HBoxContainer"]
custom_minimum_size = Vector2(64, 64)
layout_mode = 2

[node name="Icon" type="TextureRect" parent="HBoxContainer/Item_8"]
layout_mode = 0
offset_right = 64.0
offset_bottom = 64.0
expand_mode = 1

[node name="LCount2" type="Label" parent="HBoxContainer/Item_8"]
layout_mode = 0
offset_right = 61.0
offset_bottom = 64.0
theme_override_colors/font_color = Color(1, 1, 1, 1)
theme_override_colors/font_outline_color = Color(0, 0, 0, 1)
theme_override_constants/outline_size = 5
horizontal_alignment = 2
vertical_alignment = 2
clip_text = true

[node name="Focus" type="Panel" parent="."]
layout_mode = 0
offset_right = 64.0
offset_bottom = 64.0
theme_override_styles/panel = SubResource("StyleBoxFlat_tij18")

[node name="ItemName" type="Label" parent="."]
layout_mode = 1
anchors_preset = 10
anchor_right = 1.0
offset_top = -56.0
grow_horizontal = 2
text = "Item name owowowowo"
horizontal_alignment = 1
vertical_alignment = 1
